<?xml version="1.0" encoding="UTF-8"?><record xmlns="http://www.loc.gov/MARC21/slim" xmlns:cinclude="http://apache.org/cocoon/include/1.0" xmlns:zs="http://www.loc.gov/zing/srw/">
  <leader>00358cz  a2200121n  4500</leader>
  <controlfield tag="001">n 2004110514</controlfield>
  <controlfield tag="003">DLC</controlfield>
  <controlfield tag="005">20040628074132.0</controlfield>
  <controlfield tag="008">040628n| acannaabn          |n aaa      </controlfield>
  <datafield tag="010" ind1=" " ind2=" ">
    <subfield code="a">n 2004110514</subfield>
  </datafield>
  <datafield tag="040" ind1=" " ind2=" ">
    <subfield code="a">DLC</subfield>
    <subfield code="b">eng</subfield>
    <subfield code="c">DLC</subfield>
  </datafield>
  <datafield tag="100" ind1="1" ind2=" ">
    <subfield code="a">Seng, Yvonne</subfield>
  </datafield>
  <datafield tag="670" ind1=" " ind2=" ">
    <subfield code="a">Seng, Yvonne. Men in black dresses, 2003:</subfield>
    <subfield code="b">t.p. (Yvonne Seng, Ph. D.) p. 4 of cover (cultural historian)</subfield>
  </datafield>
</record>